% This file was created with JabRef 2.9.2.
% Encoding: UTF-8

@MASTERSTHESIS{labastidaestrada14,
  author = {Labastida Estrada, Elizabeth)},
  title = {Caracterizaci{\'o}n gen{\'e}tica del pez le{\'o}n en el {Caribe}
	noroccidental usando inter secuencias simples repetidas},
  school = {El Colegio de la Frontera Sur},
  year = {2014},
  address = {Chetumal, Quintana Roo, M{\'e}xico}
}

@ARTICLE{villegassanchez14,
  author = {Villegas S{\'a}nchez, C. A. and P{\'e}rez Espa{\~{n}}a, H. and Rivera
	Madrid, R. and Salas Monreal, D. and Arias Gonz{\'a}lez, J. E.},
  title = {Subtle genetic connectivity between {Mexican Caribbean} and south-western
	{Gulf of Mexico} reefs: the case of the bicolor damselfish, \textit{{Stegastes}
	partitus}},
  journal = {Coral Reefs},
  year = {2014},
  volume = {33},
  pages = {241--251},
  number = {1},
  month = {Mar},
  day = {01},
  doi = {10.1007/s00338-013-1083-4}
}

@article{merino90,
title = "Hydrology and rain flushing of the {Nichupt{\'e} Lagoon System}, {Canc{\'u}n, M{\'e}xico}",
journal = "Estuarine, Coastal and Shelf Science",
volume = "30",
number = "3",
pages = "223 - 237",
year = "1990",
issn = "0272-7714",
doi = "https://doi.org/10.1016/0272-7714(90)90049-W",
url = "http://www.sciencedirect.com/science/article/pii/027277149090049W",
author = "M. Merino and S. Czitrom and E. Jord{\'a}n and E. Martin and P. Thom{\'e} and O. Moreno",
keywords = "hydrologic regime, flushing time, rainfall, coastal lagoons, management, Caribbean Sea, Mexico"
}

@mastersthesis{pedrozoacuna08,
title = "Respuesta hidrodinámica del {Sistema Lagunar Nichupt{\'e}, Cancun, M{\'e}xico}",
year = "2008",
author = "Pedrozo Acu{\~n}a, Diego",
school = "Universidad Nacional Autonoma de Mexico",
}


@Article{reyes91,
author="Reyes, Enrique and Merino, Martin",
title="Diel dissolved oxygen dynamics and eutrophication in a shallow, well-mixed tropical lagoon ({Cancun, Mexico})",
journal="Estuaries",
year="1991",
month="Dec",
day="01",
volume="14",
number="4",
pages="372--381",
doi="10.2307/1352262"
}


@article{torres05,
author = { Rebecca   Torres  and  Janet   Momsen },
title = {Planned Tourism Development in {Quintana Roo, Mexico}: Engine for Regional Development or Prescription for Inequitable Growth?},
journal = {Current Issues in Tourism},
volume = {8},
number = {4},
pages = {259-285},
year  = {2005},
publisher = {Routledge},
doi = {10.1080/13683500508668218}
}

@incollection{merino92,
title = "Eutrophication in the lagoons of Canc{\'u}n, M{\'e}xico",
editor = "R.A. Vollenweider and R. Marchetti and R. Viviani",
booktitle = "Marine Coastal Eutrophication",
publisher = "Elsevier",
address = "Amsterdam",
pages = "861 - 870",
year = "1992",
isbn = "978-0-444-89990-3",
doi = "https://doi.org/10.1016/B978-0-444-89990-3.50074-2",
url = "http://www.sciencedirect.com/science/article/pii/B9780444899903500742",
author = "M. Merino and A. González and E. Reyes and M. Gallegos and S. Czitrom"
}

@article {alvarezcadena96,
title = "A Preliminary Zooplankton Survey in a Mexican Caribbean Eutrophic Coastal Lagoon",
journal = "Bulletin of Marine Science",
year = "1996",
volume = "58",
number = "3",
pages = "694-708",
issn = "0007-4977",
author = "Alvarez-Cadena, Jos{\'e} Nicolas and Islas-Landeros, Mar{\'ı}a Eugenia and Su{\'a}rez-Morales, Eduardo"
}


@article{herrerasilveria98,
author = { Herrera-Silveira,Jorge A. and Ramírez R.,Javier and Zaldivar J.,Arturo},
title = {Overview and characterization of the hydrology and primary producer communities of selected coastal lagoons of Yucat{\'a}n, M{\'e}xico},
journal = {Aquatic Ecosystem Health \& Management},
volume = {1},
number = {3-4},
pages = {353-372},
year  = {1998},
publisher = {Taylor & Francis},
doi = {10.1080/14634989808656930}

}


@article{valdeslozano06,
author = {Valdes-Lozano, David S. and Chumacero, Marcela and Real, Elizabeth},
year = {2006}, 
journal = {Indian Journal of Marine Sciences}, 
volume = {35},
number = {3}, 
pages = {227-234}, 
title = {Sediment oxygen consumption in a developed coastal lagoon of the {Mexican Caribbean}}
}

@article{ocallaghan07,
title = "The response of circulation and salinity in a micro-tidal estuary to sub-tidal oscillations in coastal sea surface elevation",
journal = "Continental Shelf Research",
volume = "27",
number = "14",
pages = "1947 - 1965",
year = "2007",
issn = "0278-4343",
doi = "10.1016/j.csr.2007.04.004",
author = "Joanne O'Callaghan and Charitha Pattiaratchi and David Hamilton",
keywords = "Sub-tidal, Barotropic, Continental shelf wave, Gravitational circulation, Partially mixed estuary"
}
